<record><leader>00000cas a2200000 a 4500</leader><controlfield tag="001">32705331</controlfield><controlfield tag="007">hd bfu---baat</controlfield><controlfield tag="007">hd afu---bact</controlfield><controlfield tag="008">950623d19651984nbuwr nea     0    0eng c</controlfield><datafield ind1=" " ind2=" " tag="010"><subfield code="a">sn 95069828 </subfield></datafield><datafield ind1=" " ind2=" " tag="040"><subfield code="a">NVG</subfield><subfield code="b">eng</subfield><subfield code="c">NVG</subfield><subfield code="d">OCLCQ</subfield><subfield code="d">OCLCF</subfield><subfield code="d">OCLCO</subfield><subfield code="d">OCLCQ</subfield></datafield><datafield ind1=" " ind2=" " tag="042"><subfield code="a">pcc</subfield></datafield><datafield ind1=" " ind2=" " tag="043"><subfield code="a">n-us-nb</subfield></datafield><datafield ind1="0" ind2="4" tag="245"><subfield code="a">The frontier and Holt County independent.</subfield></datafield><datafield ind1="1" ind2="7" tag="246"><subfield code="a">Holt County independent</subfield></datafield><datafield ind1="1" ind2=" " tag="246"><subfield code="i">Published as:</subfield><subfield code="a">Independent</subfield><subfield code="f">May 14-June 4, 1970</subfield></datafield><datafield ind1=" " ind2=" " tag="260"><subfield code="a">O'Neill, Neb. :</subfield><subfield code="b">G.E. Miles,</subfield><subfield code="c">1965-1984.</subfield></datafield><datafield ind1=" " ind2=" " tag="300"><subfield code="a">20 volumes</subfield></datafield><datafield ind1=" " ind2=" " tag="310"><subfield code="a">Weekly</subfield></datafield><datafield ind1=" " ind2=" " tag="336"><subfield code="a">text</subfield><subfield code="b">txt</subfield><subfield code="2">rdacontent</subfield></datafield><datafield ind1=" " ind2=" " tag="337"><subfield code="a">microform</subfield><subfield code="b">h</subfield><subfield code="2">rdamedia</subfield></datafield><datafield ind1=" " ind2=" " tag="338"><subfield code="a">microfilm reel</subfield><subfield code="b">hd</subfield><subfield code="2">rdacarrier</subfield></datafield><datafield ind1="0" ind2=" " tag="362"><subfield code="a">Vol. 77, no. 22 (June 3, 1965)-v. 96, no. 22 (May 31, 1984).</subfield></datafield><datafield ind1=" " ind2=" " tag="580"><subfield code="a">Formed by the union of: Frontier (O'Neill, Neb.), and: Holt County independent (O'Neill, Neb. : 1897).</subfield></datafield><datafield ind1=" " ind2=" " tag="533"><subfield code="a">Microfilm.</subfield><subfield code="m">1965-1984.</subfield><subfield code="b">Lincoln, Neb. :</subfield><subfield code="c">Nebraska State Historical Society,</subfield><subfield code="d">1970-1985.</subfield><subfield code="e">34 microfilm reels ; 35 mm.</subfield></datafield><datafield ind1=" " ind2="0" tag="651"><subfield code="a">O'Neill (Neb.)</subfield><subfield code="v">Newspapers.</subfield></datafield><datafield ind1=" " ind2="0" tag="651"><subfield code="a">Holt County (Neb.)</subfield><subfield code="v">Newspapers.</subfield></datafield><datafield ind1=" " ind2="7" tag="651"><subfield code="a">Nebraska</subfield><subfield code="z">Holt County.</subfield><subfield code="2">fast</subfield><subfield code="0">(OCoLC)fst01211913</subfield></datafield><datafield ind1=" " ind2="7" tag="651"><subfield code="a">Nebraska</subfield><subfield code="z">O'Neill.</subfield><subfield code="2">fast</subfield><subfield code="0">(OCoLC)fst01221277</subfield></datafield><datafield ind1=" " ind2="7" tag="655"><subfield code="a">Newspapers.</subfield><subfield code="2">fast</subfield><subfield code="0">(OCoLC)fst01423814</subfield></datafield><datafield ind1=" " ind2=" " tag="752"><subfield code="a">United States</subfield><subfield code="b">Nebraska</subfield><subfield code="c">Holt</subfield><subfield code="d">O'Neill.</subfield></datafield><datafield ind1="1" ind2="4" tag="780"><subfield code="t">Frontier (O'Neill, Neb.)</subfield><subfield code="w">(DLC)sn 95069803</subfield></datafield><datafield ind1="1" ind2="4" tag="780"><subfield code="t">Holt County independent (O'Neill, Neb. : 1897)</subfield><subfield code="w">(DLC)sn 95069827</subfield></datafield><datafield ind1="0" ind2="0" tag="785"><subfield code="t">Holt County independent (O'Neill, Neb. : 1984)</subfield><subfield code="w">(DLC)sn 95069829</subfield></datafield><datafield ind1="1" ind2=" " tag="029"><subfield code="a">AU@</subfield><subfield code="b">000011782881</subfield></datafield></record>